<record><leader>00000cas a22000007a 4500</leader><controlfield tag="001">22692829</controlfield><controlfield tag="008">901115d19011912nyudn ne      0    0eng d</controlfield><datafield ind1=" " ind2=" " tag="010"><subfield code="a">sn 90066563 </subfield></datafield><datafield ind1=" " ind2=" " tag="040"><subfield code="a">NYS</subfield><subfield code="b">eng</subfield><subfield code="c">NYS</subfield><subfield code="d">OCLCQ</subfield></datafield><datafield ind1=" " ind2=" " tag="042"><subfield code="a">msc</subfield></datafield><datafield ind1="0" ind2=" " tag="130"><subfield code="a">Evening herald (Binghamton, N.Y. : 1901)</subfield></datafield><datafield ind1="1" ind2="4" tag="245"><subfield code="a">The evening herald.</subfield></datafield><datafield ind1="1" ind2="7" tag="246"><subfield code="a">Binghamton evening herald</subfield></datafield><datafield ind1=" " ind2=" " tag="260"><subfield code="a">Binghamton [N.Y. :</subfield><subfield code="b">S.n.]</subfield></datafield><datafield ind1=" " ind2=" " tag="300"><subfield code="a">v.</subfield></datafield><datafield ind1=" " ind2=" " tag="310"><subfield code="a">Daily (except Sunday)</subfield></datafield><datafield ind1="0" ind2=" " tag="362"><subfield code="a">Feb. 26, 1901-June 29, 1912.</subfield></datafield><datafield ind1=" " ind2="4" tag="651"><subfield code="a">Binghamton (N.Y.)</subfield><subfield code="v">Newspapers.</subfield></datafield><datafield ind1=" " ind2=" " tag="752"><subfield code="a">United States</subfield><subfield code="b">New York</subfield><subfield code="c">Broome</subfield><subfield code="c">Binghamton.</subfield></datafield><datafield ind1="0" ind2="0" tag="780"><subfield code="t">Binghamton evening herald</subfield><subfield code="w">(DLC)sn 90066565</subfield><subfield code="w">(OCoLC)22692909</subfield></datafield><datafield ind1="0" ind2="7" tag="785"><subfield code="t">Binghamton Republican</subfield><subfield code="w">(DLC)sn 90066562</subfield><subfield code="w">(OCoLC)22693454</subfield></datafield><datafield ind1="0" ind2="7" tag="785"><subfield code="t">Binghamton Republican-herald</subfield><subfield code="w">(DLC)sn 90066564</subfield><subfield code="w">(OCoLC)22693396</subfield></datafield><datafield ind1="1" ind2=" " tag="029"><subfield code="a">AU@</subfield><subfield code="b">000025870584</subfield></datafield></record>